<?xml version="1.0" encoding="utf-8"?>
<record xmlns="http://www.loc.gov/MARC21/slim" xmlns:xsi="http://www.w3.org/2001/XMLSchema-instance" xsi:schemaLocation="http://www.loc.gov/MARC21/slim http://www.loc.gov/standards/marcxml/schema/MARC21slim.xsd">
	<leader>     nam a22     Mi 4500</leader>
	<controlfield tag="001">2979968</controlfield>
	<controlfield tag="003">NNC</controlfield>
	<controlfield tag="006">m        d        </controlfield>
	<controlfield tag="007">cr cn |||m|||a</controlfield>
	<controlfield tag="008">190509s1961    iq h    o     000 0 ara c</controlfield>
	<datafield ind1=" " ind2=" " tag="040">
		<subfield code="a">ZYU</subfield>
		<subfield code="b">ara</subfield>
		<subfield code="e">rda</subfield>
		<subfield code="c">ZYU</subfield>
	</datafield>
	<datafield ind1="0" ind2="0" tag="050">
		<subfield code="a">PJ6317</subfield>
		<subfield code="b">.H5</subfield>
	</datafield>
	<datafield ind1="1" ind2=" " tag="100">
		<subfield code="6">880-01</subfield>
		<subfield code="a">Ibn Nashwān, Muḥammad ibn Nashwān,</subfield>
		<subfield code="d">-1213 or 1214.</subfield>
	</datafield>
	<datafield ind1="1" ind2="0" tag="245">
		<subfield code="6">880-02</subfield>
		<subfield code="a">Risālatān fī al-farq bayna al-ḍād wa-al-ẓāʼ /</subfield>
		<subfield code="c">taʼlīf Muḥammad ibn Nashwān al-Ḥimyarī wa-Muḥammad ibn Yūsuf al-Andalusī. Bi-taḥqīq Muḥammad Ḥasan Āl Yāsīn.</subfield>
	</datafield>
	<datafield ind1=" " ind2=" " tag="250">
		<subfield code="6">880-03</subfield>
		<subfield code="a">[al-Ṭabʻah al-ūlá..</subfield>
	</datafield>
	<datafield ind1=" " ind2=" " tag="260">
		<subfield code="6">880-04</subfield>
		<subfield code="a">Baghdād :</subfield>
		<subfield code="b">Matḅaʻat al-Maʻārif,</subfield>
		<subfield code="c">1961.</subfield>
	</datafield>
	<datafield ind1=" " ind2=" " tag="300">
		<subfield code="a">online resource (184 pages) :</subfield>
		<subfield code="b">facsimiles</subfield>
	</datafield>
	<datafield ind1=" " ind2=" " tag="336">
		<subfield code="a">text</subfield>
		<subfield code="2">rdacontent</subfield>
	</datafield>
	<datafield ind1=" " ind2=" " tag="337">
		<subfield code="a">computer</subfield>
		<subfield code="2">rdamedia</subfield>
	</datafield>
	<datafield ind1=" " ind2=" " tag="338">
		<subfield code="a">online resource</subfield>
		<subfield code="2">rdacarrier</subfield>
	</datafield>
	<datafield ind1=" " ind2=" " tag="500">
		<subfield code="a">Part of the Arabic Collections Online (ACO) project, contributed by Columbia University Libraries.</subfield>
	</datafield>
	<datafield ind1="0" ind2=" " tag="505">
		<subfield code="a">al-Muqaddimah -- Mukhtaṣṣar fī al-farq bayna al-ḍād wa-al-ẓāʼ, taʼlīf Muḥammad ibn Nashwān -- al-Irtiḍāʼ fī al-farq bayna al-ḍād wa-al-ẓāʼ, taʼlīf Athīr al-Dīn Muḥammad ibn Yūsuf al-Andalusī -- Murājiʻ al-taqdīm wa-al-taḥqīq (ṣ 179-182).</subfield>
	</datafield>
	<datafield ind1=" " ind2=" " tag="533">
		<subfield code="a">Electronic reproduction.</subfield>
		<subfield code="b">New York, N.Y. :</subfield>
		<subfield code="c">New York University,</subfield>
		<subfield code="d">2019.</subfield>
		<subfield code="5">NNU</subfield>
	</datafield>
	<datafield ind1=" " ind2="0" tag="650">
		<subfield code="a">Arabic language</subfield>
		<subfield code="x">Pronunciation.</subfield>
	</datafield>
	<datafield ind1=" " ind2="7" tag="650">
		<subfield code="a">Arabic language</subfield>
		<subfield code="x">Pronunciation.</subfield>
		<subfield code="2">fast</subfield>
		<subfield code="0">(OCoLC)fst00812406</subfield>
	</datafield>
	<datafield ind1="0" ind2=" " tag="700">
		<subfield code="6">880-05</subfield>
		<subfield code="a">Abū Ḥayyān Muḥammad ibn Yūsuf,</subfield>
		<subfield code="d">1256-1344.</subfield>
		<subfield code="t">Irtiḍāʼ fī al-farq bayna al-ḍād wa-al-ẓāʼ.</subfield>
	</datafield>
	<datafield ind1="2" ind2=" " tag="710">
		<subfield code="a">Columbia University.</subfield>
		<subfield code="b">Libraries.</subfield>
	</datafield>
	<datafield ind1="0" ind2=" " tag="730">
		<subfield code="a">Arabic Collections Online.</subfield>
	</datafield>
	<datafield ind1="0" ind2=" " tag="740">
		<subfield code="6">880-06</subfield>
		<subfield code="a">Irtiḍāʼ fī al-farq bayna al-ḍād wa-al-ẓāʼ.</subfield>
	</datafield>
	<datafield ind1="0" ind2=" " tag="740">
		<subfield code="6">880-07</subfield>
		<subfield code="a">Farq bayna al-ḍād wa-al-ẓāʼ.</subfield>
	</datafield>
	<datafield ind1="0" ind2="8" tag="776">
		<subfield code="i">Online version:</subfield>
		<subfield code="a">Ibn Nashwān, Muḥammad ibn Nashwān, -1213 or 14.</subfield>
		<subfield code="t">Risālatān fī al-farq bayna al-ḍād wa-al-ẓāʼ.</subfield>
		<subfield code="b">[al-Ṭabʻah al-ūlá.].</subfield>
		<subfield code="d">[Baghdād, 1961.]</subfield>
		<subfield code="w">(OCoLC)579370293</subfield>
	</datafield>
	<datafield ind1="0" ind2="8" tag="776">
		<subfield code="i">Print version:</subfield>
		<subfield code="a">Ibn Nashwān, Muḥammad ibn Nashwān, -1213 or 1214.</subfield>
		<subfield code="t">Risālatān fī al-farq bayna al-ḍād wa-al-ẓāʼ</subfield>
		<subfield code="w">(NNC)2979968</subfield>
		<subfield code="w">(DLC)ne 62000701 </subfield>
		<subfield code="w">(OCoLC)19660152</subfield>
	</datafield>
	<datafield ind1="4" ind2="0" tag="856">
		<subfield code="u">http://hdl.handle.net/2333.1/k0p2nqtb</subfield>
	</datafield>
	<datafield ind1="1" ind2=" " tag="880">
		<subfield code="6">100-01</subfield>
		<subfield code="a">ابن نشوان، محمد بن نشوان،</subfield>
		<subfield code="d">-1213 or 1214.</subfield>
	</datafield>
	<datafield ind1="1" ind2="0" tag="880">
		<subfield code="6">245-02</subfield>
		<subfield code="a">رسالتان في الفرق بين الضاد والظاء /</subfield>
		<subfield code="c">تأليف محمد بن نشوان الحميري ومحمد بن يوسف الأدلسي ؛ بتحقيق محمد حسن آل ياسين.</subfield>
	</datafield>
	<datafield ind1=" " ind2=" " tag="880">
		<subfield code="6">250-03</subfield>
		<subfield code="a">الطبعة 1.</subfield>
	</datafield>
	<datafield ind1=" " ind2=" " tag="880">
		<subfield code="6">260-04</subfield>
		<subfield code="a">بغداد :</subfield>
		<subfield code="b">مطبعة المعارف،</subfield>
		<subfield code="c">1961.</subfield>
	</datafield>
	<datafield ind1="0" ind2=" " tag="880">
		<subfield code="6">700-05</subfield>
		<subfield code="a">أبو حيان محمد بن يوسف.</subfield>
		<subfield code="t">ارتضاء في الفرق بين الضاد والظاء.</subfield>
	</datafield>
	<datafield ind1="0" ind2=" " tag="880">
		<subfield code="6">740-06</subfield>
		<subfield code="a">ارتضاء في الفرق بين الضاد والظاء.</subfield>
	</datafield>
	<datafield ind1="0" ind2=" " tag="880">
		<subfield code="6">740-07</subfield>
		<subfield code="a">فرق بين الضاد والظاء.</subfield>
	</datafield>
	<datafield ind1=" " ind2=" " tag="959">
		<subfield code="a">NNU</subfield>
		<subfield code="b">WEB</subfield>
		<subfield code="c">GENI</subfield>
		<subfield code="t">0</subfield>
		<subfield code="m">Electronic access</subfield>
		<subfield code="s">01</subfield>
	</datafield>
	<datafield ind1=" " ind2=" " tag="999">
		<subfield code="i">NNC_2979968</subfield>
		<subfield code="o">(OCoLC)ocm19660152</subfield>
		<subfield code="s">columbia_aco003680</subfield>
		<subfield code="e">(ERROR-880)</subfield>
		<subfield code="s">columbia_aco003680</subfield>
	</datafield>
</record>
